<?xml version="1.0" encoding="UTF-8"?><collection xmlns="http://www.loc.gov/MARC21/slim"><record><leader>00370nam--2200121-i-4500</leader><controlfield tag="001">000038822</controlfield><controlfield tag="002">20161230</controlfield><controlfield tag="005">20161230201042</controlfield><controlfield tag="008">060222s1000------------r-----000-0-eng-d</controlfield><datafield ind1=" " ind2=" " tag="080"><subfield code="a">57:61(01)</subfield></datafield><datafield ind1=" " ind2=" " tag="245"><subfield code="a">Research and development in progess. biology and medicine</subfield></datafield><datafield ind1=" " ind2=" " tag="260"><subfield code="a">Oak Ridge, United States Atomic Energy Commission, 1968, Vii + 333p. + 176p.Index</subfield></datafield><datafield ind1=" " ind2=" " tag="852"><subfield code="a">D.1144</subfield></datafield></record></collection>